<?xml version="1.0" encoding="UTF-8"?><collection xmlns="http://www.loc.gov/MARC21/slim"><record><leader>00497nam--2200169-i-4500</leader><controlfield tag="001">000022411</controlfield><controlfield tag="002">20161230</controlfield><controlfield tag="005">20161230201034</controlfield><controlfield tag="008">060222s1000------------r-----000-0-eng-d</controlfield><datafield ind1=" " ind2=" " tag="040"><subfield code="a">IFIN-HH</subfield></datafield><datafield ind1=" " ind2=" " tag="080"><subfield code="a">621.039.8(085)</subfield></datafield><datafield ind1="1" ind2=" " tag="100"><subfield code="a">Sommerville, J.L</subfield></datafield><datafield ind1="1" ind2="0" tag="245"><subfield code="a">The isotope index 1963-1964</subfield><subfield code="b">Complete guide to the isotopes</subfield><subfield code="c">J.l. sommerville (ed.)</subfield></datafield><datafield ind1=" " ind2=" " tag="260"><subfield code="a">Indianapolis, Indiana</subfield><subfield code="b">Scientific Equipement Co</subfield><subfield code="c">1963</subfield></datafield><datafield ind1=" " ind2=" " tag="300"><subfield code="a">296P</subfield></datafield><datafield ind1=" " ind2=" " tag="852"><subfield code="a">21863</subfield><subfield code="c">539.163</subfield></datafield><datafield ind1=" " ind2=" " tag="CAT"><subfield code="a">Sys</subfield><subfield code="c">20120517</subfield><subfield code="h">103936</subfield></datafield></record></collection>